@article{Komatitsch2007,
  title={An unsplit convolutional perfectly matched layer improved at grazing incidence for the seismic wave equation},
  author={Komatitsch, Dimitri and Martin, Roland},
  journal={Geophysics},
  volume={72},
  number={5},
  pages={SM155--SM167},
  year={2007},
  publisher={Society of Exploration Geophysicists}
}

@Book{Hudson1985,
  title     = {The Excitation and Propagation of Elastic Waves},
  publisher = {Cambridge University Press},
  year      = {1985},
  author    = {Hudson, J.A.},
  series    = {Cambridge Monographs on Mechanics Series},
  isbn      = {9780521318679},
  owner     = {barn},
  timestamp = {2012.11.19},
  url       = {http://books.google.no/books?id=YNGpPwAACAAJ},
}
@Article{Holberg1987,
  author    = {Holberg, O.},
  title     = {Computational aspects of the choice of operator and sampling interval for numerical differentiation in large-scale simulation of wave phenomena},
  journal   = {Geophysical P},
  year      = {1987},
  volume    = {35},
  pages     = {629--655},
  file      = {holb87.pdf:Holberg1987.pdf:PDF},
  owner     = {barn},
  timestamp = {2010.10.26},
}
@article{Casula1992,
  title={Generalized mechanical model analogies of linear viscoelastic behaviour},
  author={Casula, G and Carcione, JM and others},
  journal={Bollettino di geofisica teorica ed applicata},
  volume={34},
  number={136},
  pages={235--256},
  year={1992},
  publisher={Osservatorio geofisico sperimentale}
}


